@preamble{ " \newcommand{\noop}[1]{} " } % a do-nothing command that serves a purpose




@inproceedings{marsden2020exact,
  author      = "Marsden, Daniel and Edwards, John",
  title       = {{Exact Generalized Voronoi Diagram computation using a sweepline algorithm}},
  booktitle   = {{Symposium on Geometric Modeling and Processing}},
  year        = {\noop{2025}in review},
}

@article{hartwell2019effect,
  author      = "Hartwell, Christopher and Orr, Tyler and Edwards, John",
  title       = {{The Effect of Online Application Efficiency on Applicant Attrition}},
  journal   = {{International Journal of Selection and Assessment}},
  year    = {2020},
}

@article{derryberry2019greedy,
  author      = "DeWayne Derryberry and Ken Aho and John Edwards and Teri Peterson",
  title       = {{A Greedy Algorithm for Model Selection in a First Course in Regression}},
  journal   = {{Journal of Statistics Education}},
  year    = {\noop{2025}in review},
}

@inproceedings{edwards2020study,
  author      = "Edwards, John and Leinonen, Juho and Hellas, Arto",
  title       = {{A Study of Keystroke Data in Two Contexts: Written Language and Programming Language Influence Predictability of Learning Outcomes}},
  booktitle   = {{ACM Technical Symposium on Computing Science Education}},
  year        = {2020},
  organization={{ACM}},
}

@article{edwards2019aperiodic,
  title={{Periodic bouncing modes for two uniformly magnetized spheres I: Trajectories}},
  author={Edwards, Boyd F and Johnson, Bo and Edwards, John M},
  journal={Chaos: An Interdisciplinary Journal of Nonlinear Science},
  year={2020},
  publisher={AIP Publishing}
}

@article{edwards2019bperiodic,
  title={{Periodic bouncing modes for two uniformly magnetized spheres II: Scaling}},
  author={Edwards, Boyd F and Johnson, Bo and Edwards, John M},
  journal={Chaos: An Interdisciplinary Journal of Nonlinear Science},
  year={2020},
  publisher={AIP Publishing}
}

@inproceedings{edwards2018separation,
  author      = "Edwards, John and Fulton, Erika and Holmes, Jonathan and Valentin, Joseph and Beard, David and Parker, Kevin",
  title       = {{Separation of syntax and problem solving in Introductory Computer Programming}},
  booktitle   = {{IEEE International Conference on Frontiers in Education}},
  year        = 2018,
  organization={{IEEE}},
}

@article{griffel2018machine,
  title={A Machine Learning Approach Using Spectral Signatures to Detect Potato Plants Infected with {Potato Virus Y}},
  author={Griffel, Lloyd and Delparte, Donna and Edwards, John},
  journal={Precision Agriculture},
  year={2018},
}

@article{derryberry2018model,
author = {DeWayne Derryberry and Ken Aho and John Edwards and Teri Peterson},
title = {Model Selection and Regression t-Statistics},
journal = {The American Statistician},
volume = {0},
number = {0},
pages = {1-3},
year  = {2018},
publisher = {Taylor & Francis},
doi = {10.1080/00031305.2018.1459316},
URL = {https://doi.org/10.1080/00031305.2018.1459316},
eprint = {https://doi.org/10.1080/00031305.2018.1459316}
}

@incollection{edwards2015big,
  author      = "Edwards, John and Kumar, Sidharth and Pascucci, Valerio",
  title       = "Big Data From Scientific Simulations",
  editor      = "Grandinetti, L. and Joubert, G.R. and Kunze, M. and Pascucci, V.",
  booktitle   = "Big Data and High Performance Computing",
  publisher   = "IOS Press",
  address     = "Amsterdam, Berlin, Tokyo, Washington, DC",
  year        = 2015,
  pages       = "32-46",
}

@article{edwards2016dynamical,
  title={Dynamical interactions between two uniformly magnetized spheres},
  author={Edwards, Boyd F and Edwards, John M},
  journal={European Journal of Physics},
  volume={38},
  number={1},
  pages={015205},
  year={2016},
  publisher={IOP Publishing}
}

@article{edwards2017periodic,
  title={Periodic nonlinear sliding modes for two uniformly magnetized spheres},
  author={Edwards, Boyd F and Edwards, John M},
  journal={Chaos: An Interdisciplinary Journal of Nonlinear Science},
  volume={27},
  number={5},
  pages={053107},
  year={2017},
  publisher={AIP Publishing}
}

@article{morrical2017parallel,
  title={Parallel quadtree construction on collections of objects},
  author={Morrical, Nathan and Edwards, John},
  journal={Computers and Graphics},
  volume={66},
  pages={162--168},
  year={2017},
  publisher={Elsevier}
}

@article{tong2016view,
  title={View-Dependent Streamline Deformation and Exploration},
  author={Tong, Xin and Edwards, John and Chen, Chun-Ming and Shen, Han-Wei and Johnson, Chris R and Wong, Pak Chung},
  journal={IEEE transactions on visualization and computer graphics},
  volume={22},
  number={7},
  pages={1788--1801},
  year={2016},
  publisher={IEEE}
}

@article {edwards2015approximating,
author = {Edwards, John and Daniel, Eric and Pascucci, Valerio and Bajaj, Chandrajit},
title = {Approximating the {Generalized Voronoi Diagram} of Closely Spaced Objects},
journal = {Computer Graphics Forum},
volume = {34},
number = {2},
issn = {1467-8659},
pages = {299--309},
year = {2015},
}

@inproceedings{kumar2014efficient,
  title={Efficient {I/O} and storage of adaptive-resolution data},
  author={Kumar, Sidharth and Edwards, John and Bremer, Peer-Timo and Knoll, Aaron and Christensen, Cameron and Vishwanath, Venkatram and Carns, Philip and Schmidt, John and Pascucci, Valerio and others},
  booktitle={High Performance Computing, Networking, Storage and Analysis, SC14: International Conference for},
  pages={413--423},
  year={2014},
  organization={IEEE}
}

@inproceedings{kumar2017reducing,
  title={Reducing network congestion and synchronization overhead during data aggregation when writing hierarchical data},
  author={Kumar, Sidharth and Hoang, Duong and Petruzza, Steve and Pascucci, Valerio and Edwards, John},
  booktitle={IEEE International Conference on High Performance Computing, Data, and Analytics},
  year={2017},
  organization={IEEE}
}

@article{edwards2014volrovern,
  title={{VolRoverN: Enhancing} surface and volumetric reconstruction for realistic dynamical simulation of cellular and subcellular function},
  author={Edwards, John and Daniel, Eric and Kinney, Justin and Bartol, Tom and Sejnowski, Terrence and Johnston, Daniel and Harris, Kristen and Bajaj, Chandrajit},
  journal={Neuroinformatics},
  volume={12},
  number={2},
  pages={277--289},
  year={2014},
  publisher={Springer}
}

@inproceedings{edwards2013surface,
  title={Surface segmentation for improved remeshing},
  author={Edwards, John and Wang, Wenping and Bajaj, Chandrajit},
  booktitle={Proceedings of the 21st International Meshing Roundtable},
  pages={403--418},
  year={2013},
  publisher={Springer}
}

@article{edwards2011topologically,
  title={Topologically correct reconstruction of tortuous contour forests},
  author={Edwards, John and Bajaj, Chandrajit},
  journal={Computer-Aided Design},
  volume={43},
  number={10},
  pages={1296--1306},
  year={2011},
  publisher={Elsevier}
}

@inproceedings{alberts20093d,
  title={{3D} visualization for improved manipulation and mobility in {EOD} and combat engineering applications},
  author={Alberts, Joel and Edwards, John and Johnston, Josh and Ferrin, Jeff},
  booktitle={SPIE Defense, Security, and Sensing},
  pages={43},
  year={2009},
  organization={International Society for Optics and Photonics}
}

