@article{edwards2021computation,
  author      = "Edwards, John and Krome, Cameron and Payne, Tracy",
  title       = {{Computation of Positively Graded Filiform Nilpotent Lie Algebras in Low Dimensions}},
  journal   = {{Symbolic Computation}},
  year        = {2021},
}

@article{sainju2021job,
  author      = "Sainju, Bishal and Hartwell, Christopher and Edwards, John",
  title       = {{Job satisfaction and employee turnover determinants in Fortune 50 companies: Insights from employee reviews from Indeed.com}},
  journal   = {{Decision Support Systems}},
  year        = {2021},
}
